@inproceedings{marin2014hand,
  title={Hand gesture recognition with leap motion and kinect devices},
  author={Marin, Giulio and Dominio, Fabio and Zanuttigh, Pietro},
  booktitle={Image Processing (ICIP), 2014 IEEE International Conference on},
  pages={1565--1569},
  year={2014},
  organization={IEEE}
}

@inproceedings{chuan2014american,
  title={American sign language recognition using leap motion sensor},
  author={Chuan, Ching-Hua and Regina, Eric and Guardino, Caroline},
  booktitle={Machine Learning and Applications (ICMLA), 2014 13th International Conference on},
  pages={541--544},
  year={2014},
  organization={IEEE}
}

@misc{yang2008survey,
  title={A survey of shape feature extraction techniques},
  author={Yang, Mingqiang and Kpalma, Kidiyo and Ronsin, Joseph},
  year={2008},
  publisher={In-Tech}
}

@article{arbter1990application,
  title={Application of affine-invariant Fourier descriptors to recognition of 3-D objects},
  author={Arbter, Klaus and Snyder, Wesley E. and Burkhardt, Hans and Hirzinger, Gerd},
  journal={IEEE Transactions on pattern analysis and machine intelligence},
  volume={12},
  number={7},
  pages={640--647},
  year={1990},
  publisher={IEEE}
}

@article{reiss1991revised,
  title={The revised fundamental theorem of moment invariants},
  author={Reiss, Thomas H.},
  journal={IEEE transactions on Pattern analysis and machine intelligence},
  volume={13},
  number={8},
  pages={830--834},
  year={1991},
  publisher={IEEE}
}

@article{freeman1978shape,
  title={Shape description via the use of critical points},
  author={Freeman, Herbert},
  journal={Pattern recognition},
  volume={10},
  number={3},
  pages={159--166},
  year={1978},
  publisher={Elsevier}
}

@article{khalil2001dyadic,
  title={A dyadic wavelet affine invariant function for 2D shape recognition},
  author={Khalil, Mahmoud I and Bayoumi, Mohamed M.},
  journal={IEEE Transactions on Pattern Analysis and Machine Intelligence},
  volume={23},
  number={10},
  pages={1152--1164},
  year={2001},
  publisher={IEEE}
}

@article{kauppinen1995experimental,
  title={An experimental comparison of autoregressive and Fourier-based descriptors in 2D shape classification},
  author={Kauppinen, Hannu and Seppanen, Tapio and Pietikainen, Matti},
  journal={IEEE Transactions on Pattern Analysis and Machine Intelligence},
  volume={17},
  number={2},
  pages={201--207},
  year={1995},
  publisher={IEEE}
}

@article{cai2001hidden,
  title={Hidden Markov models with spectral features for 2D shape recognition},
  author={Cai, Jinhai and Liu, Zhi-Qiang},
  journal={IEEE Transactions on Pattern Analysis and Machine Intelligence},
  volume={23},
  number={12},
  pages={1454--1458},
  year={2001},
  publisher={IEEE}
}

@inproceedings{mikolajczyk2003shape,
  title={Shape recognition with edge-based features},
  author={Mikolajczyk, Krystian and Zisserman, Andrew and Schmid, Cordelia},
  booktitle={British Machine Vision Conference (BMVC'03)},
  volume={2},
  pages={779--788},
  year={2003},
  organization={The British Machine Vision Association}
}

@article{wu2010handwritten,
  title={Handwritten digit classification using the mnist data set},
  author={Wu, Ming and Zhang, Zhen},
  journal={1Technique report of course project for CSE802: Pattern Classi\_cation \& Analysis, MSU, Spring},
  year={2010}
}

@article{lavy2015virtual,
  title={Virtual Shape Recognition using Leap Motion},
  author={Lavy, David and Pham, Dung},
  journal={Boston Univ. Boston MA},
  year={2015}
}

@inproceedings{ciregan2012multi,
  title={Multi-column deep neural networks for image classification},
  author={Ciregan, Dan and Meier, Ueli and Schmidhuber, J{\"u}rgen},
  booktitle={Computer vision and pattern recognition (CVPR), 2012 IEEE conference on},
  pages={3642--3649},
  year={2012},
  organization={IEEE}
}

@misc{leap,
	title = {{Leap Motion Development SDK}},
	howpublished = {\url{https://developer.leapmotion.com}},
	note = {Accessed: 2018-04-09}
}

@misc{knn,
title= {{k-NN Example}},
howpublished = {\url{http://www.d.umn.edu/~deoka001/knn.html}},
note = {Accessed: 2018-04-18}
}

@misc{svm,
title= {{Open CV Tutorials:Introduction to Support Vector Machines}},
howpublished = {\url{https://docs.opencv.org/2.4/doc/tutorials/ml/introduction_to_svm/introduction_to_svm.html}},
note = {Accessed: 2018-04-18}
}

@article{eberly2000least,
  title={Least squares fitting of data},
  author={Eberly, David},
  journal={Chapel Hill, NC: Magic Software},
  year={2000}
}

@misc{ishwarspring18,
	author        = {Prakash Ishwar},
	title         = {{EC 503 - Learning from Data }},
	month         = {January - May},
	year          = {2018},
	publisher={Department of Electrical and Computer Engineering, Boston University}
}